
@article{crandallDiscreteWeightedTransforms1994,
  title = {Discrete Weighted Transforms and Large-Integer Arithmetic},
  author = {Crandall, Richard and Fagin, Barry},
  date = {1994},
  journaltitle = {Mathematics of Computation},
  shortjournal = {Math. Comp.},
  volume = {62},
  number = {205},
  pages = {305--324},
  issn = {0025-5718, 1088-6842},
  doi = {10.1090/S0025-5718-1994-1185244-1},
  url = {https://www.ams.org/mcom/1994-62-205/S0025-5718-1994-1185244-1/},
  urldate = {2022-01-14},
  abstract = {It is well known that Discrete Fourier Transform (DFT) techniques may be used to multiply large integers. We introduce the concept of Discrete Weighted Transforms (DWTs) which, in certain situations, substantially improve the speed of multiplication by obviating costly zero-padding of digits. In particular, when arithmetic is to be performed modulo Fermat Numbers                                                                                                                                                   2                                                                                                                        2                                 m                                                                                                                                                              +                       1                                          \{2\^\{\{2\^m\}\}\} + 1                                                                  , or Mersenne Numbers                                                                                                                                                   2                           q                                                                                                −                                                                       1                                          \{2\^q\} - 1                                                                  , weighted transforms effectively reduce FFT run lengths. We indicate how these ideas can be applied to enhance known algorithms for general multiplication, division, and factorization of large integers.},
  langid = {english}
}

@book{crandallPrimeNumbersComputational2005,
  title = {Prime Numbers: A Computational Perspective},
  shorttitle = {Prime Numbers},
  author = {Crandall, Richard E. and Pomerance, Carl},
  date = {2005},
  edition = {2nd ed},
  publisher = {{Springer}},
  location = {{New York, NY}},
  isbn = {978-0-387-25282-7},
  pagetotal = {597},
  keywords = {Numbers; Prime}
}

@article{duhamelComputingInverseDFT1988,
  title = {On Computing the Inverse {{DFT}}},
  author = {Duhamel, P. and Piron, B. and Etcheto, J.M.},
  year = {Feb./1988},
  journaltitle = {IEEE Transactions on Acoustics, Speech, and Signal Processing},
  shortjournal = {IEEE Trans. Acoust., Speech, Signal Processing},
  volume = {36},
  number = {2},
  pages = {285--286},
  issn = {00963518},
  doi = {10.1109/29.1519},
  url = {http://ieeexplore.ieee.org/document/1519/},
  urldate = {2021-12-13}
}

@book{KnuthArtVol2,
  title = {Seminumerical Algorithms},
  author = {Knuth, Donald Ervin},
  date = {1996},
  series = {The Art of Computer Programming},
  edition = {2. ed., 25. print},
  number = {Donald E. Knuth ; Vol. 2},
  publisher = {{Addison-Wesley}},
  location = {{Reading, Mass.}},
  isbn = {978-0-201-03822-4},
  langid = {english},
  pagetotal = {688},
  annotation = {OCLC: 258298766}
}

@article{schonhageSchnelleMultiplikationGrosser1971,
  title = {Schnelle Multiplikation großer Zahlen},
  author = {Schönhage, A. and Strassen, V.},
  date = {1971-09},
  journaltitle = {Computing},
  shortjournal = {Computing},
  volume = {7},
  number = {3-4},
  pages = {281--292},
  issn = {0010-485X, 1436-5057},
  doi = {10.1007/BF02242355},
  url = {http://link.springer.com/10.1007/BF02242355},
  urldate = {2021-12-13},
  langid = {german}
}


